@misc{sql_course,
  author        = {Chipp Jansen, Lela Koulouri},
  title         = {4CCS1DBS lecture slides},
  year          = {2016},
  publisher={King's College London}
}

@misc{ wiki:sql,
    author = "Wikipedia contributors",
    title = "SQL --- Wikipedia{,} The Free Encyclopedia",
    year = "2017",
    url = "\url{https://en.wikipedia.org/w/index.php?title=SQL&oldid=814179873}",
    note = "[Online; accessed 14-December-2017]"
}
